<record><leader>00000cas a22000007a 4500</leader><controlfield tag="001">12109122</controlfield><controlfield tag="008">850603d1871187umauwr ne      0    0eng d</controlfield><datafield ind1=" " ind2=" " tag="010"><subfield code="a">sn 85033607 </subfield></datafield><datafield ind1=" " ind2=" " tag="040"><subfield code="a">NPU</subfield><subfield code="b">eng</subfield><subfield code="c">NPU</subfield><subfield code="d">MGN</subfield><subfield code="d">OCLCQ</subfield></datafield><datafield ind1=" " ind2=" " tag="042"><subfield code="a">msc</subfield></datafield><datafield ind1="0" ind2=" " tag="130"><subfield code="a">Abington journal (Abington, Mass.)</subfield></datafield><datafield ind1="1" ind2="0" tag="245"><subfield code="a">Abington journal.</subfield></datafield><datafield ind1=" " ind2=" " tag="260"><subfield code="a">Abington, Mass. :</subfield><subfield code="b">Arthur P. Ford</subfield></datafield><datafield ind1=" " ind2=" " tag="300"><subfield code="a">v. ;</subfield><subfield code="c">66 cm.</subfield></datafield><datafield ind1=" " ind2=" " tag="310"><subfield code="a">Weekly</subfield></datafield><datafield ind1="1" ind2=" " tag="362"><subfield code="a">Began in 1871. Cf. Rowell, 1873.</subfield></datafield><datafield ind1=" " ind2=" " tag="588"><subfield code="a">Description based on: Vol. 1, no. 42 (Feb. 22, 1873).</subfield></datafield><datafield ind1=" " ind2=" " tag="752"><subfield code="a">United States</subfield><subfield code="b">Massachusetts</subfield><subfield code="c">Plymouth</subfield><subfield code="d">Abington.</subfield></datafield><datafield ind1="0" ind2="0" tag="785"><subfield code="t">Plymouth County journal</subfield><subfield code="w">(DLC)sn 83020029</subfield></datafield></record>